%! Author = drakanoy
%! Date = 22.12.2023

